% last modified: 2005-05-03

@book{friedl:regex,
  author = "Jeffrey E. F. Friedl",
  title = "\urlh{http://regex.info}{Mastering Regular 
    Expressions}",
  publisher = "O'Reilly",
  edition = "2d",
  year = 2002,
}

@misc{r5rs,
  author = "Richard Kelsey and William Clinger and
    Jonathan {Rees (eds)}",
  title = "\urlp{Revised\^{}5 Report on the Algorithmic Language Scheme
    (``R5RS'')}{http://www.schemers.org/Documents/Standards/R5RS/HTML/r5rs.html}",
  year = 1998,
}

@book{pperl,
  author = "Larry Wall and Tom Christiansen and Jon Orwant",
  title = "\urlh{http://www.oreilly.com/catalog/pperl3}{Programming Perl}",
  publisher = "O'Reilly",
  year = 2000,
  edition = "3rd",
}

